@article{grant_advanced_2016,
	title = {Advanced {LIGO} ramps up, with slight improvements},
	volume = {2016},
	issn = {19450699},
	url = {https://pubs.aip.org/physicstoday/online/12128},
	doi = {10.1063/pt.5.9074},
	language = {en},
	number = {11},
	urldate = {2025-04-05},
	journal = {Physics Today},
	author = {Grant, Andrew},
	month = nov,
	year = {2016},
	pages = {12128},
}

@misc{Stannered_Interferometer_2007,
  author       = {Stannered},
  title        = {Simple Michelson interferometer diagram},
  year         = {2007},
  url          = {https://commons.wikimedia.org/wiki/File:Interferometer.svg},
}

@misc{wiredsense_michelson_guide,
  author       = {WiredSense},
  title        = {The Michelson Interferometer - A Laser Lab Alignment Guide},
  howpublished = {WiredSense Tutorials},
  url          = {https://www.wiredsense.com/tutorial/the-michelson-interferometer-a-laser-lab-alignment-guide},
}

@article{collaboration_guide_2020,
	title = {A guide to {LIGO}-{Virgo} detector noise and extraction of transient gravitational-wave signals},
	volume = {37},
	issn = {0264-9381, 1361-6382},
	url = {http://arxiv.org/abs/1908.11170},
	doi = {10.1088/1361-6382/ab685e},
	number = {5},
	urldate = {2025-04-12},
	journal = {Classical and Quantum Gravity},
	author = {Collaboration, The LIGO Scientific and Collaboration, the Virgo and others},
	month = mar,
	year = {2020},
	note = {arXiv:1908.11170 [gr-qc]},
	keywords = {Astrophysics - Instrumentation and Methods for Astrophysics, General Relativity and Quantum Cosmology},
	pages = {055002}
}

@article{davis_subtracting_2022,
	title = {Subtracting glitches from gravitational-wave detector data during the third observing run},
	volume = {39},
	issn = {0264-9381, 1361-6382},
	url = {http://arxiv.org/abs/2207.03429},
	doi = {10.1088/1361-6382/aca238},
	number = {24},
	journal = {Classical and Quantum Gravity},
	author = {Davis, D. and others},
	month = dec,
	year = {2022},
	note = {arXiv:2207.03429 [astro-ph]},
	keywords = {Astrophysics - Instrumentation and Methods for Astrophysics, General Relativity and Quantum Cosmology},
	pages = {245013},
	annote = {Comment: 23 pages, 6 figures}
}

@misc{weiss_report_1972,
  author       = {Weiss, R. and others},
  title        = {Quarterly Progress Report No. 105},
  number       = {105},
  year         = {1972},
  page={54},
  month = apr,
  url = "https://dspace.mit.edu/handle/1721.1/56271",
  publisher = "Research Laboratory of Electronics (RLE) at the Massachusetts Institute of Technology (MIT)",
  keywords = {interferometer, antenna, noise, LIGO_historical, qpr1972 }
  
}

@article{collaboration_gwtc-1_2019,
	title = {{GWTC}-1: {A} {Gravitational}-{Wave} {Transient} {Catalog} of {Compact} {Binary} {Mergers} {Observed} by {LIGO} and {Virgo} during the {First} and {Second} {Observing} {Runs}},
	volume = {9},
	issn = {2160-3308},
	shorttitle = {{GWTC}-1},
	url = {http://arxiv.org/abs/1811.12907},
	doi = {10.1103/PhysRevX.9.031040},
	number = {3},
	urldate = {2025-04-05},
	journal = {Physical Review X},
	author = {Collaboration, The LIGO Scientific and Collaboration, the Virgo and others},
	month = sep,
	year = {2019},
	note = {arXiv:1811.12907 [astro-ph]},
	keywords = {General Relativity and Quantum Cosmology, Astrophysics - High Energy Astrophysical Phenomena, Astrophysics - Cosmology and Nongalactic Astrophysics},
	pages = {031040}
}


@misc{abbott_gwtc-2_2021,
	title = {{GWTC}-2: {Compact} {Binary} {Coalescences} {Observed} by {LIGO} and {Virgo} {During} the {First} {Half} of the {Third} {Observing} {Run}},
	shorttitle = {{GWTC}-2},
	url = {http://arxiv.org/abs/2010.14527},
	doi = {10.1103/PhysRevX.11.021053},
	author = {Abbott, R. and others},
	month = mar,
	year = {2021},
	note = {arXiv:2010.14527 [gr-qc]},
	keywords = {General Relativity and Quantum Cosmology, Astrophysics - High Energy Astrophysical Phenomena},
	annote = {Comment: This version updates with minor revisions to typographical errors. We would also like to call attention to the updated parameter estimation samples data release here: https://dcc.ligo.org/LIGO-P2000223/public},
	file = {Preprint PDF:/home/amathew/Zotero/storage/HB54ATCE/Abbott et al. - 2021 - GWTC-2 Compact Binary Coalescences Observed by LIGO and Virgo During the First Half of the Third Ob.pdf:application/pdf;Snapshot:/home/amathew/Zotero/storage/Z4EL2WS4/2010.html:text/html},
}

@misc{collaboration_gwtc-3_2023,
	title = {{GWTC}-3: {Compact} {Binary} {Coalescences} {Observed} by {LIGO} and {Virgo} {During} the {Second} {Part} of the {Third} {Observing} {Run}},
	shorttitle = {{GWTC}-3},
	url = {http://arxiv.org/abs/2111.03606},
	doi = {10.1103/PhysRevX.13.041039},
	author = {Collaboration, The LIGO Scientific and Collaboration, the Virgo and others},
	month = oct,
	year = {2023},
	note = {arXiv:2111.03606 [gr-qc]},
	keywords = {General Relativity and Quantum Cosmology, Astrophysics - High Energy Astrophysical Phenomena},
	annote = {Comment: 88 pages (10 pages author list, 31 pages main text, 1 page acknowledgements, 24 pages appendices, 22 pages bibliography), 17 figures, 16 tables. Update to match version to be published in Physical Review X. Data products available from https://gwosc.org/GWTC-3/},
	file = {Preprint PDF:/home/amathew/Zotero/storage/WPHTPI6B/Collaboration et al. - 2023 - GWTC-3 Compact Binary Coalescences Observed by LIGO and Virgo During the Second Part of the Third O.pdf:application/pdf;Snapshot:/home/amathew/Zotero/storage/484TFCFN/2111.html:text/html},
}

@misc{ghonge_assessing_2024,
	title = {Assessing and {Mitigating} the {Impact} of {Glitches} on {Gravitational}-{Wave} {Parameter} {Estimation}: a {Model} {Agnostic} {Approach}},
	shorttitle = {Assessing and {Mitigating} the {Impact} of {Glitches} on {Gravitational}-{Wave} {Parameter} {Estimation}},
	url = {http://arxiv.org/abs/2311.09159},
	doi = {10.48550/arXiv.2311.09159},
	publisher = {arXiv},
	author = {Ghonge, Sudarshan and others},
	month = oct,
	year = {2024},
	note = {arXiv:2311.09159 [gr-qc]},
	keywords = {Astrophysics - Instrumentation and Methods for Astrophysics, General Relativity and Quantum Cosmology},
	annote = {Comment: 22 pages, 17 figures}
}

@article{collaboration_characterization_2016,
	title = {Characterization of transient noise in {Advanced} {LIGO} relevant to gravitational wave signal {GW150914}},
	volume = {33},
	issn = {0264-9381, 1361-6382},
	url = {http://arxiv.org/abs/1602.03844},
	doi = {10.1088/0264-9381/33/13/134001},
	number = {13},
	urldate = {2025-04-11},
	journal = {Classical and Quantum Gravity},
	author = {Collaboration, The LIGO Scientific and Collaboration, the Virgo},
	month = jul,
	year = {2016},
	note = {arXiv:1602.03844 [gr-qc]},
	keywords = {Astrophysics - Instrumentation and Methods for Astrophysics, General Relativity and Quantum Cosmology, Astrophysics - High Energy Astrophysical Phenomena, Physics - Instrumentation and Detectors},
	pages = {134001},
}

@article{MACLEOD2021100657,
    title = {GWpy: A Python package for gravitational-wave astrophysics},
    journal = {SoftwareX},
    volume = {13},
    pages = {100657},
    year = {2021},
    issn = {2352-7110},
    doi = {https://doi.org/10.1016/j.softx.2021.100657},
    url = {https://www.sciencedirect.com/science/article/pii/S2352711021000029},
    author = {Duncan M. Macleod and Joseph S. Areeda and Scott B. Coughlin and Thomas J. Massinger and Alexander L. Urban},
    keywords = {Gravitational waves, Python, Software}
}


@article{robinet_omicron_2020,
	title = {Omicron: {A} tool to characterize transient noise in gravitational-wave detectors},
	volume = {12},
	issn = {2352-7110},
	url = {https://www.sciencedirect.com/science/article/pii/S2352711020303332},
	doi = {https://doi.org/10.1016/j.softx.2020.100620},
	journal = {SoftwareX},
	author = {Robinet, Florent and Arnaud, Nicolas and Leroy, Nicolas and Lundgren, Andrew and Macleod, Duncan and McIver, Jessica},
	year = {2020},
	keywords = {Gravitational waves, LIGOâ€“Virgo, Spectrogram, Transient noise},
	pages = {100620},
}

@article{vazsonyi_identifying_2023,
	title = {Identifying glitches near gravitational-wave signals from compact binary coalescences using the {Q}-transform},
	volume = {40},
	issn = {0264-9381, 1361-6382},
	url = {http://arxiv.org/abs/2208.12338},
	doi = {10.1088/1361-6382/acafd2},
	number = {3},
	urldate = {2025-04-14},
	journal = {Classical and Quantum Gravity},
	author = {Vazsonyi, Leah and Davis, Derek},
	month = feb,
	year = {2023},
	note = {arXiv:2208.12338 [astro-ph]},
	keywords = {Astrophysics - Instrumentation and Methods for Astrophysics, General Relativity and Quantum Cosmology},
	pages = {035008},
	annote = {Comment: 24 pages, 6 figures. CGQ accepted},
}

@article{chatterji_multiresolution_2004,
	title = {Multiresolution techniques for the detection of gravitational-wave bursts},
	volume = {21},
	issn = {0264-9381, 1361-6382},
	url = {http://arxiv.org/abs/gr-qc/0412119},
	doi = {10.1088/0264-9381/21/20/024},
	number = {20},
	urldate = {2025-04-15},
	journal = {Classical and Quantum Gravity},
	author = {Chatterji, S. and Blackburn, L. and Martin, G. and Katsavounidis, E.},
	month = oct,
	year = {2004},
	note = {arXiv:gr-qc/0412119},
	keywords = {General Relativity and Quantum Cosmology},
	pages = {S1809--S1818},
	annote = {Comment: Proceedings of the 8th Gravitational Wave Data Analysis Workshop, Milwaukee, Wisconsin, 12 pages, 3 figures}
}

@article{collaboration_gw170817_2017,
	title = {{GW170817}: {Observation} of {Gravitational} {Waves} from a {Binary} {Neutron} {Star} {Inspiral}},
	volume = {119},
	issn = {0031-9007, 1079-7114},
	shorttitle = {{GW170817}},
	url = {http://arxiv.org/abs/1710.05832},
	doi = {10.1103/PhysRevLett.119.161101},
	number = {16},
	urldate = {2025-04-17},
	journal = {Physical Review Letters},
	author = {Collaboration, The LIGO Scientific and Collaboration, The Virgo},
	month = oct,
	year = {2017},
	note = {arXiv:1710.05832 [gr-qc]},
	keywords = {Astrophysics - High Energy Astrophysical Phenomena, General Relativity and Quantum Cosmology},
	pages = {161101},
}

@misc{ligo_what_interferometer,
	title = {What is an {Interferometer}?},
    author = "Collaboration, The LIGO Scientific",
	url = {https://www.ligo.caltech.edu/page/what-is-interferometer},
	abstract = {A description of an interferometer, a diagram},
	urldate = {2025-04-07},
	journal = {LIGO Lab {\textbar} Caltech}
}

@article{gwpy,
    title = "{GWpy: A Python package for gravitational-wave astrophysics}",
   author = {{Macleod}, D.~M. and {Areeda}, J.~S. and {Coughlin}, S.~B. and {Massinger}, T.~J. and {Urban}, A.~L.},
  journal = {SoftwareX},
   volume = 13,
    pages = 100657,
     year = 2021,
     issn = {2352-7110},
      doi = {10.1016/j.softx.2021.100657},
      url = {https://www.sciencedirect.com/science/article/pii/S2352711021000029},
}

@article{Zevin_2017,
   title = {Gravity Spy: integrating advanced LIGO detector characterization, machine learning, and citizen science},
   volume = {34},
   ISSN = {1361-6382},
   URL = {http://dx.doi.org/10.1088/1361-6382/aa5cea},
   DOI = {10.1088/1361-6382/aa5cea},
   number = {6},
   journal = {Classical and Quantum Gravity},
   publisher = {IOP Publishing},
   author = {Zevin, M and others},
   year={2017},
   month=feb, pages={064003}
}

@book{Oppenheim_2009,
	author = {Oppenheim, Alan V. and Schafer, Ronald W.},
	title = {Discrete-Time Signal Processing},
	year = {2009},
	isbn = {0131988425},
	publisher = {Prentice Hall Press},
	address = {USA},
	edition = {3rd}
}

@article{Tsukada_2018,
   title={Application of a zero-latency whitening filter to compact binary coalescence gravitational-wave searches},
   volume={97},
   ISSN={2470-0029},
   url={http://dx.doi.org/10.1103/PhysRevD.97.103009},
   DOI={10.1103/physrevd.97.103009},
   number={10},
   journal={Physical Review D},
   publisher={American Physical Society (APS)},
   author={Tsukada, Leo and Cannon, Kipp and Hanna, Chad and Keppel, Drew and Meacher, Duncan and Messick, Cody},
   year={2018},
   month=may
   }